<?xml version="1.0" encoding="UTF-8"?><record xmlns="http://www.loc.gov/MARC21/slim" xmlns:cinclude="http://apache.org/cocoon/include/1.0" xmlns:zs="http://www.loc.gov/zing/srw/">
  <leader>00507cz  a2200133n  4500</leader>
  <controlfield tag="001">n 2002106657</controlfield>
  <controlfield tag="003">DLC</controlfield>
  <controlfield tag="005">20030923130350.0</controlfield>
  <controlfield tag="008">020719n| acannaabn          |n aaa      </controlfield>
  <datafield tag="010" ind1=" " ind2=" ">
    <subfield code="a">n 2002106657</subfield>
  </datafield>
  <datafield tag="040" ind1=" " ind2=" ">
    <subfield code="a">DLC</subfield>
    <subfield code="b">eng</subfield>
    <subfield code="c">DLC</subfield>
    <subfield code="d">DLC</subfield>
  </datafield>
  <datafield tag="100" ind1="1" ind2=" ">
    <subfield code="a">Renn, Kristen A.</subfield>
  </datafield>
  <datafield tag="670" ind1=" " ind2=" ">
    <subfield code="a">Women in higher education, 2002:</subfield>
    <subfield code="b">CIP t.p. (Kristen A. Renn)</subfield>
  </datafield>
  <datafield tag="670" ind1=" " ind2=" ">
    <subfield code="a">Roads taken, 2004:</subfield>
    <subfield code="b">ECIP t.p. (Kristen A. Renn) data view (Renn, Kristen Avard; b. Oct. 24, 1964; asst. prof. of higher, adult &amp; lifelong education, Mich. State Univ.)</subfield>
  </datafield>
</record>